@misc{vizier, title={Hipparcos Catalog}, url={http://vizier.u-strasbg.fr/viz-bin/VizieR?-source=I%2F239},note={\url{http://vizier.u-strasbg.fr/viz-bin/VizieR?-source=I%2F239}}, journal={Vizier}} 
@misc{cosmos, title={Cosmos International}, url={https://www.cosmos.esa.int/web/hipparcos},note={\url{https://www.cosmos.esa.int/web/hipparcos}}, journal={Cosmos}} 
@misc{brit, title={Encyclopedia Britannica}, url={https://www.britannica.com/topic/Hipparcos},note={\url{https://www.britannica.com/topic/Hipparcos}}, journal={Encyclopedia Britannica}, publisher={Encyclop√¶dia Britannica, inc.}} 
@misc{nasa, title={NASA}, url={https://science.nasa.gov/missions/hipparcos},note={\url{https://science.nasa.gov/missions/hipparcos}}, journal={NASA}, publisher={NASA}} 